@book{knuth1984texbook,
  author    = {Donald E. Knuth},
  title     = {The TeXbook},
  year      = {1984},
  publisher = {Addison-Wesley},
  address   = {Reading, Massachusetts}
}

@article{lamport1986latex,
  author    = {Leslie Lamport},
  title     = {LaTeX: A Document Preparation System},
  journal   = {Software: Practice and Experience},
  volume    = {16},
  number    = {6},
  pages     = {731--736},
  year      = {1986},
  publisher = {Wiley}
}
